<?xml version="1.0" encoding="UTF-8"?><record xmlns="http://www.loc.gov/MARC21/slim" xmlns:cinclude="http://apache.org/cocoon/include/1.0" xmlns:zs="http://www.loc.gov/zing/srw/">
  <leader>00704cz  a2200193n  4500</leader>
  <controlfield tag="001">n  90644631 </controlfield>
  <controlfield tag="003">DLC</controlfield>
  <controlfield tag="005">19960628184817.4</controlfield>
  <controlfield tag="008">900515n| acaabaaa|          |a ana |||  </controlfield>
  <datafield tag="010" ind1=" " ind2=" ">
    <subfield code="a">n  90644631 </subfield>
  </datafield>
  <datafield tag="040" ind1=" " ind2=" ">
    <subfield code="a">DLC</subfield>
    <subfield code="c">DLC</subfield>
    <subfield code="d">DLC</subfield>
  </datafield>
  <datafield tag="130" ind1=" " ind2="0">
    <subfield code="a">Serie popular (Centro de Investigación y Promoción del Campesinado (Bolivia))</subfield>
  </datafield>
  <datafield tag="410" ind1="2" ind2="0">
    <subfield code="a">Centro de Investigación y Promoción del Campesinado (Bolivia).</subfield>
    <subfield code="t">Serie popular</subfield>
  </datafield>
  <datafield tag="430" ind1=" " ind2="0">
    <subfield code="a">Serie popular CIPCA</subfield>
  </datafield>
  <datafield tag="643" ind1=" " ind2=" ">
    <subfield code="a">La Paz</subfield>
    <subfield code="b">Centro de Investigación y Promoción del Campesinado</subfield>
  </datafield>
  <datafield tag="644" ind1=" " ind2=" ">
    <subfield code="a">f</subfield>
    <subfield code="5">DLC</subfield>
  </datafield>
  <datafield tag="645" ind1=" " ind2=" ">
    <subfield code="a">t</subfield>
    <subfield code="5">DLC</subfield>
  </datafield>
  <datafield tag="646" ind1=" " ind2=" ">
    <subfield code="a">s</subfield>
    <subfield code="5">DLC</subfield>
  </datafield>
  <datafield tag="670" ind1=" " ind2=" ">
    <subfield code="a">Villavicencio, V.M. Nuestra historia, 1989:</subfield>
    <subfield code="b">t.p. (Serie popular) cover p. 3 (Serie popular CIPCA)</subfield>
  </datafield>
</record>